uint32 SIZE,uint32 SF,uint32 BAD_WIDTH,uint32 CODE_RATE,uint64 TIMESTAMP,string PHY_PAYLOAD
30,7,125,5,1504729966,5AF73B0026803746115F96A0D66B8A
30,7,125,5,1504799182,72BA3D00268CC9640189BAAEA27577
28,7,125,5,1504778017,400D00012600E70401C907802F8D
28,7,125,5,1504806861,400F1001260AB606015DE55C70CD
30,7,125,5,1521567475,401B1001268008000165C496706375
30,7,125,5,1521567662,401B100126800B00012EC64705791F
30,7,125,5,1521567691,401B1001268000000107548B786B7C
30,7,125,5,1521568027,401B10012680030001C476B7DC55F5
120,7,125,5,1521568085,401B100126800000011B0C3A498A4FCAF8BD27A6E5E7251690DBC2855474F12C7D41338AEC74842A6D700EF39C9E74E91C67F818C4F680A1040A085F
120,7,125,5,1521568099,401B100126800000011B0C3A498A4FCAF8BD27A6E5E7251690DBC2855474F12C7D41338AEC74842A6D700EF39C9E74E91C67F818C4F680A1040A085F
120,7,125,5,1521568116,401B100126800000011B0C3A498A4FCAF8BD27A6E5E7251690DBC2855474F12C7D41338AEC74842A6D700EF39C9E74E91C67F818C4F680A1040A085F
120,7,125,5,1521568137,401B100126800000011B0C3A498A4FCAF8BD27A6E5E7251690DBC2855474F12C7D41338AEC74842A6D700EF39C9E74E91C67F818C4F680A1040A085F
120,7,125,5,1521568199,401B100126800100019762624355FA934BBD6421A0DF73AE248097C477FCDC7F2BA437497A6F9371D4BA9C5D4B1F0E4E2A7BAE719A1C7231039C4930
120,7,125,5,1521568324,401B10012680030001D82ED600D12174D7F2300F87CC85E30A93D19EC476B874D7EDF8EEADE4616EBF9FF02AA46DE26741FC69B2A5DB5AD4E7CE18CC
120,7,125,5,1521568386,401B100126800400019CC389DA5E3A2F0F2E66C8C4D5E853367702D0CAB67DE0E0F27D2BDCF62C7B7DBA9061C46935B4654EE4477BF5716E4C04F754
120,7,125,5,1521568511,401B10012680060001EF7D08A6A529781A8FC3124EE68A54DFB47D3AA7C3FC033E94275E4B2F9C46514A3BDEB894C592A1C3875FA8F8BF7BAA71D6CA
120,7,125,5,1521568573,401B1001268007000163E1FFB7025750FD36108152EEC12E13C2426FD425105388511D6648AE85327E4A56B4AE11651C883480A9BE9C28A6ADBEA1B6
120,7,125,5,1521568697,401B100126800900016285B183B24821CFF96EBEC6158FD6D7249F5E7CF039D44711844FB40C4F302C274770706A52F67EBCFC6DB32B336FFC129598
120,7,125,5,1521568760,401B100126800A0001D85DDC9EA2D9B470B5603F3CCAE5742226C7ED4E0B240BEA3DF76E3B88812E0973197AD2CA9817B0715CE3CB4096DE04FAA2A8
120,7,125,5,1521568884,401B100126800C00011F77434783CE239561433A4D6FBE10B75C7D7F9684B65E7BED1EC0C93C2A23D17390A486C2BE9343F8A69A8EDB9F29F0FAEB43
120,7,125,5,1521568946,401B100126800D0001C5374C2AE7FEACECBB18E572FF1E1C553BA9091B4EA4B6CF09469C0FF8CF33905272417ABD336C4C257CE0441167B7E9DD9E57
120,7,125,5,1521569071,401B100126800F000163D2CE523F068D2CBF796E2490E7E95DE8ED0527A2B63C4E8EB5841679FE3150D602A00D2F472B9E673D64EAD08D20A227B9AB
120,7,125,5,1521569133,401B100126801000017B8C6B4B4DD7B214F49EF17F3F6886A719CAA0FFD0D467F6AF83FFE6DA144627166D80DB097E1789802CA443A93A9FE9A07719
28,7,125,5,1504756898,40C910012640940A01A96257CD55
28,7,125,5,1504781755,40C9100126002305A17E80C33348
28,7,125,5,1504861371,40C910012600210A01BB5C4512B9
28,7,125,5,1504924790,40C9100126001B0E018F3FCA39F6
28,7,125,5,1504770604,700A130126007004014CA6AB16C5
30,7,125,5,1504789122,408A130126A0F977327F1C8B10F00C
30,7,125,5,1504703437,40EC13012680E0760157285E96F706
30,7,125,5,1504703742,40EC13012680E17601E0FD11A57BBA
30,7,125,5,1504704047,40EC13012680E27601023BBC754922
30,7,125,5,1504704352,40EC13012680E3760136DF595BFAA9
30,7,125,5,1504704657,40EC13012680E47601DD4D3344F76C
30,7,125,5,1504706488,40EC13012680EA760191E81DE474B6
30,7,125,5,1504706793,40EC13012680EB7601CD1F1FC64DB3
30,7,125,5,1504707098,40EC13012680EC7601DD14C5239668
30,7,125,5,1504707403,40EC13012680ED760160D61B2DCF22
30,7,125,5,1504708623,40EC13012680F17601CD0314C48425
30,7,125,5,1504709233,40EC13012680F37601F303DD724AF7
30,7,125,5,1504709843,40EC13012680F57601752EC1B1F4D4
30,7,125,5,1504710148,40EC13012680F676016754F488ED73
30,7,125,5,1504710453,40EC13012680F77601EDF36CCFC107
30,7,125,5,1504710758,40EC13012680F8760187D1F7123F95
30,7,125,5,1504711063,40EC13012680F97601B29997AA271E
30,7,125,5,1504711978,40EC13012680FC76017FA4961D745D
30,7,125,5,1504712588,40EC13012680FE7601AC2F36EBE40A
30,7,125,5,1504712892,40EC13012680FF7601B12ABC4ABDB1
30,7,125,5,1504713197,40EC13012680007701ADD5D1DF35BC
30,7,125,5,1504713502,40EC13012680017701C0C4E4BFDCBC
30,7,125,5,1504714112,40EC130126800377018A10200938E7
30,7,125,5,1504714417,40EC1301268004770103374A128FB2
30,7,125,5,1504715027,40EC1301268006770BAFFA0EAF78C4
30,7,125,5,1504715637,40EC130126800877015D0C49B8ECCD
30,7,125,5,1504716551,40EC130126800B77016657DB8CBCDC
30,7,125,5,1504717161,40EC130126880D770113D9E70602D5
30,7,125,5,1504717466,40EC130126800E770187614924B8C7
30,7,125,5,1504718685,40EC1301268012770172BE449CA241
30,7,125,5,1504718990,40EC1301268013770171738C331F75
30,7,125,5,1504719295,40EC13012680147701609596D0CA3C
30,7,125,5,1504719600,40EC130126801577011FA0C54F8A6F
30,7,125,5,1504719904,40EC13012680167701F9BFFE6A1F88
30,7,125,5,1504720819,40EC1301268019B701D3A55FA099F3
30,7,125,5,1504721124,40EC130126801A7701FEB40588BF40
30,7,125,5,1504721429,40EC130126801B7701DE6D278684A7
30,7,125,5,1504722039,40EC130126801D7701B756CBCDA221
30,7,125,5,1504722649,40EC130126801F7701BBF9938BBFB0
30,7,125,5,1504722954,40EC13012680207701D96720A158C9
30,7,125,5,1504723258,40EC1301268021770123070BADC4D3
30,7,125,5,1504723563,40EC1301268022770100418A3842A0
30,7,125,5,1504723868,40EC13012680237701C973496933FE
30,7,125,5,1504724173,40EC1301268024770114660B939BAA
30,7,125,5,1504724478,40EC13012680257701DD9B3BECC2BF
30,7,125,5,1504724783,40EC13012680267701BAD42570B282
30,7,125,5,1504725088,40EC1301268027770166A4D58E2247
30,7,125,5,1504726002,40EC130126802A77013FDB711E0366
30,7,125,5,1504726307,40EC130126802B7701725F24B8E880
30,7,125,5,1504726612,40EC130126802C7701FF8607A019FD
30,7,125,5,1504726917,40EC130126802D77014C8DDD178B30
30,7,125,5,1504727222,40EC130126802E77012F77E29C46CB
30,7,125,5,1504727832,40EC13012680307701E3069E4775D6
30,7,125,5,1504728136,40EC13012680317701EE45FB62F06F
30,7,125,5,1504728441,40EC1301268032770159F97CCF4155
30,7,125,5,1504728746,40EC13012680337701176E672C234E
30,7,125,5,1504729051,40EC130126803477013D1C607572E0
30,7,125,5,1504729356,40EC130126803577015B4657BFFB92
30,7,125,5,1504730575,40EC13012680397701B05E4433837E
30,7,125,5,1504730880,40EC130126803A77012285113A8EC2
30,7,125,5,1504731185,40EC130126803B7701E728FC1E4398
30,7,125,5,1504731490,40EC130126803C770172A1B471FCDB
30,7,125,5,1504732405,40EC130126803F77015E96F0D88A48
30,7,125,5,1504733015,40EC13012680417701142DE2B6A47C
30,7,125,5,1504733320,40EC13012680427701B6D59F13D03E
30,7,125,5,1504733625,40EC13012680437701872F260CA816
30,7,125,5,1504733930,40EC13012680447701D420BEB877A2
30,7,125,5,1504734539,40EC13012680467701FEC5014A3535
30,7,125,5,1504735149,40EC1301268048770123B4763455AC
30,7,125,5,1504735454,40EC1301268049770100439DDA9204
30,7,125,5,1504735759,40EC130126804A77015D11AA55B38E
30,7,125,5,1504736064,40EC130126804B7701ADFF889C0476
30,7,125,5,1504736674,40EC130126804D7701049A24FB935C
30,7,125,5,1504736978,40EC130126804E77011A3487F9627C
30,7,125,5,1504737283,40EC130126804F77016EFA0D449589
30,7,125,5,1504737893,40EC13012680517701A1AB6D4B4A68
30,7,125,5,1504738198,40EC1301268052770157C5E3F1E7E6
30,7,125,5,1504738503,40EC130126805377013C23FCEB488D
30,7,125,5,1504738807,40EC13012680547701C54AF512B6EC
30,7,125,5,1504739112,40EC130126805577010C97BB49540C
30,7,125,5,1504739722,40EC1301268057770190D75FDCC795
30,7,125,5,1504740027,40EC1301268058770162DD7E1131DD
30,7,125,5,1504740331,40EC130126805977011766C6462C87
30,7,125,5,1504740636,40EC130126805A770187A3B0399333
30,7,125,5,1504740941,40EC130126805B77017D9B0F425965
30,7,125,5,1504741246,40EC130126805C7701C565026FE403
30,7,125,5,1504741551,40EC130126805D77013DE835EEF1A5
30,7,125,5,1504741855,40EC130126805E7701BADE87B7FCCD
30,7,125,5,1504742160,40EC130126805F7701C63E1C6D3D16
30,7,125,5,1504743075,40EC130126806277015DE026A05268
30,7,125,5,1504743379,40EC13012680637701B835A2FA2C1F
30,7,125,5,1504743684,40EC1301268064770139E95F9FE5D3
30,7,125,5,1504743989,40EC13012680657701E58FF34D479E
30,7,125,5,1504744294,40EC1301268066770181984F6CF7CD
30,7,125,5,1504744598,40EC130126806777018D45D185BEE4
30,7,125,5,1504745513,40EC130126806A77017C13C78F2140
30,7,125,5,1504745818,40EC130126806B77019BE7F39C6C7A
30,7,125,5,1504746122,40EC130126806C770197203173703B
30,7,125,5,1504747036,40EC130126806F7701E9C559EC7C85
30,7,125,5,1504747341,40EC13012680707701A5980B72F1FA
30,7,125,5,1504748255,40EC1301268073770117D2BEE486ED
30,7,125,5,1504750084,40EC13012680797701420F39B425E8
30,7,125,5,1504750389,40EC130126807A77018A748D065FD5
30,7,125,5,1504750693,40EC130126807B77019001EA5CB77A
30,7,125,5,1504750998,40EC130126807C7701894C17999C89
30,7,125,5,1504751608,40EC130126807E77010DB60E2C3150
30,7,125,5,1504752217,40EC13012680807701A494E4661E3F
30,7,125,5,1504752826,40EC13012680827701962CA9ECC53E
30,7,125,5,1504753436,40EC13012680847701918C00AB8F03
30,7,125,5,1504753741,40EC130126808577015A253BA39AEF
30,7,125,5,1504754655,40EC1301268088770106B596193E61
30,7,125,5,1504754960,40EC1301268089E43BD63771DDB259
30,7,125,5,1504755264,40EC130126808A770168C51579083C
30,7,125,5,1504755874,40EC130126808C7701E8B25CB320AB
30,7,125,5,1504756178,40EC130126808D77016802237AEDDD
30,7,125,5,1504756483,40EC130126808E77016B68F63090D4
30,7,125,5,1504757093,40EC13012680907701AC533FCD8BE9
30,7,125,5,1504757397,40EC13012680917701B7888AEBE180
30,7,125,5,1504758616,40EC13012680957701CE00EB251ABA
30,7,125,5,1504759226,40EC13012680977701721C309C6001
30,7,125,5,1504759530,40EC13012680987701C0E485314ECF
30,7,125,5,1504759835,40EC130126809977013F89CE74062B
30,7,125,5,1504760140,40EC130126809A7701B295042F4031
30,7,125,5,1504760749,40EC130126809C77018BF584DFC0EE
30,7,125,5,1504761054,40EC130126809D7701C9A577105507
30,7,125,5,1504761359,40EC130126809E770124547EC47EF3
30,7,125,5,1504761663,40EC130126809F7701FECC2F95A278
30,7,125,5,1504761968,40EC13012680A07701BE490B34E6A1
30,7,125,5,1504762273,40EC13012680A17701934ECC411747
30,7,125,5,1504763492,40EC13012680A5770125DBC80A35F8
30,7,125,5,1504764101,40EC13012680A77701199E07C08169
30,7,125,5,1504764406,40EC13012680A877018A41897D9B31
30,7,125,5,1504764711,40EC13012680A9770152756655AB4E
30,7,125,5,1504765015,40EC13012680AA77015A877191B496
30,7,125,5,1504765320,40EC13012680AB77016EE56768BB44
30,7,125,5,1504765625,40EC13012680AC77012CD1AA1A733B
30,7,125,5,1504765930,40EC13012680AD770178C3D1EC8D50
30,7,125,5,1504766539,40EC13012680AF5C331D778280ED78
30,7,125,5,1504767149,40EC13012680B17701587171663F23
30,7,125,5,1504767758,40EC13012680B377016F0742298BE4
30,7,125,5,1504768063,40EC13012680B47701528B9BA45A59
30,7,125,5,1504768368,40EC13012680B577018F8DF3CA9C5C
30,7,125,5,1504768673,40EC13012680B677011B2DFD4EA517
30,7,125,5,1504768978,40EC13012680B777018A589BD519C6
30,7,125,5,1504769892,40EC13012680BA7701A25BA7EE2473
30,7,125,5,1504770502,40EC13012680BC770189FBED5B6521
30,7,125,5,1504771112,40EC13012680BE7701ABFC6F02DD7D
30,7,125,5,1504771417,40EC13012680BF77018BBB223F4DE0
30,7,125,5,1504772027,40EC13012680C177016EACE2324F44
30,7,125,5,1504772332,40EC13012680C27701C6AF08EF4B6E
30,7,125,5,1504772637,40EC13012680C377019E0843C0551F
30,7,125,5,1504772942,40EC13012680C4770157083F8F6C14
30,7,125,5,1504773247,40EC13012680C57701C983F444EFA9
30,7,125,5,1504773552,40EC13012680C67701F537684A5311
30,7,125,5,1504774162,40EC13012680C877012002BBFD9B0B
30,7,125,5,1504774772,40EC13012680CA7701BEF1DC20D994
30,7,125,5,1504775077,40EC13012680CB7701ABA36530121E
30,7,125,5,1504775382,40EC13012680CC7701C4D257FB149D
30,7,125,5,1504775688,40EC13012680CD7701ABCF4884432C
30,7,125,5,1504775993,40EC13012680CE7701F277918DA398
30,7,125,5,1504776603,40EC13012680D07701E0D1A259950A
30,7,125,5,1504776908,40EC13012680D177010C5265C96FAD
30,7,125,5,1504777214,40EC13012680D277012BD749341268
30,7,125,5,1504778435,40EC13012680D677017EAB6C1700BB
30,7,125,5,1504778740,40EC13012680D77701C217D0482FDB
30,7,125,5,1504779045,40EC13012680D877018C4C66EAA841
30,7,125,5,1504779350,40EC13012680D97701A71D96C429B4
30,7,125,5,1504779656,40EC13012680DA77015835A59F82EC
30,7,125,5,1504780266,40EC13012680DC77014EE41BB8A756
30,7,125,5,1504780572,40EC13012680DD770147E713A99DB5
30,7,125,5,1504780877,40EC13012680DE7701054D8AE6E1E8
30,7,125,5,1504781182,40EC13012680DF7701C711CBA95375
30,7,125,5,1504781488,40EC13012680E0770168800ECF34A7
30,7,125,5,1504781793,40EC13012680E17701559239D6DB39
30,7,125,5,1504782098,40EC13012680E2770123393DDF1247
30,7,125,5,1504782404,40EC13012680E37701AFACB84376CA
30,7,125,5,1504783320,40EC13012680E67701C41FF1E4D2F5
30,7,125,5,1504783626,40EC13012680E7770169989E8BC67F
30,7,125,5,1504783931,40EC13012680E8770199BF6DB5D509
30,7,125,5,1504784542,40EC13012680EA7701DE6FD091017E
30,7,125,5,1504784847,40EC13012680EB7701B72E5C9D03E9
30,7,125,5,1504785153,40EC13012680EC7701FBB6D7F3B0A1
30,7,125,5,1504785458,40EC13012680ED770104E9B257F08F
30,7,125,5,1504785763,40EC13012680EE770196148A3A8237
30,7,125,5,1504786069,40EC13012680EF7701286B6468A2CB
30,7,125,5,1504786374,40EC13012680F0770137DAFB246F6C
30,7,125,5,1504786985,40EC13012680F277015975AC2130F8
30,7,125,5,1504787290,40EC13012680F377010E122DC65C61
30,7,125,5,1504787901,40EC13012680F57701895399EEB6A0
30,7,125,5,1504788206,40EC13012680F67701523967E84489
30,7,125,5,1504788512,40EC13012680F77701F532CC2B2518
30,7,125,5,1504788817,40EC13012680F877017AC746873BE7
30,7,125,5,1504789428,40EC13012680FA7701B366C659BD56
30,7,125,5,1504789733,40EC13012680FB770125F0A61F1D72
30,7,125,5,1504790039,40EC13012680FC7701156C45177E42
30,7,125,5,1504790649,40EC13012680FE770177544C9D6325
30,7,125,5,1504790955,40EC13012680FF7701C0E25F236D3D
30,7,125,5,1504791260,40EC130126800078014FCF49394425
30,7,125,5,1504791565,40EC130126800178014A038EC99FF1
30,7,125,5,1504792481,40EC13012680047801FBC28905DD46
30,7,125,5,1504792786,40EC130126800578010C9A7D633FEF
30,7,125,5,1504793091,40EC130126800678016C4EBAA5CD14
30,7,125,5,1504793396,40EC1301268007780171922615463A
30,7,125,5,1504794006,40EC130126800978012E5553B3549C
30,7,125,5,1504794312,40EC130126800A7801616C37D76DE6
30,7,125,5,1504794617,40EC130126800B780132C49746ED58
30,7,125,5,1504794922,40EC130126800C7801B380F4A2E73A
30,7,125,5,1504795227,40EC130126800D7801914950B1D1AD
30,7,125,5,1504795532,40EC130126800E7801EC2B35E50205
30,7,125,5,1504796142,40EC130126801078011EC0CC46ECFF
30,7,125,5,1504796753,40EC13012680127801FB9C8B4FCD82
30,7,125,5,1504797058,40EC1301268013780118599537198C
30,7,125,5,1504797668,40EC13012680157801B59B464086CD
30,7,125,5,1504797973,40EC13012680167801A8063A1D3A5F
30,7,125,5,1504798278,40EC130126801778014CC533E47B23
30,7,125,5,1504798583,40EC13012680187801FC38128DDDA5
30,7,125,5,1504798888,40EC130126801978016E591EAF28FB
30,7,125,5,1504799193,40EC130126801A78014BBB0C559420
30,7,125,5,1504799498,40EC130126801B78013E84DD6DF140
30,7,125,5,1504799803,40EC130126801C780194280464CC9A
30,7,125,5,1504800108,40EC130126801D780150AF5BDC670C
30,7,125,5,1504800413,40EC130126801E780188719DAC615D
30,7,125,5,1504800718,40EC130126801F78019F9CA0739765
30,7,125,5,1504801023,40EC13012680207801D4213B01724B
30,7,125,5,1504801938,40EC13012680237801747BCF2AA9B5
30,7,125,5,1504802243,40EC1301268024780190D8BFE3E950
30,7,125,5,1504802548,40EC13012680257801A231C1976C28
30,7,125,5,1504802853,40EC13012680267801713A69C54BB2
30,7,125,5,1504803158,40EC13012680277801B3B5E550B32F
30,7,125,5,1504803463,40EC13012680287801898567261AD9
30,7,125,5,1504803768,40EC13012680297801BD910D1C96F8
30,7,125,5,1504804073,40EC130126802A780178B4F909D451
30,7,125,5,1504804378,40EC130126802B7801BCD43C3C8240
30,7,125,5,1504804683,40EC130126802C78013A7349E58928
30,7,125,5,1504805598,40EC130126802F7801C1CD53EA562D
30,7,125,5,1504806208,40EC130126803178019F093E3A8447
30,7,125,5,1504806512,40EC13012680327801932AB3B75ADD
30,7,125,5,1504806817,40EC13012680337801E6C66FD42F1F
30,7,125,5,1504807122,40EC13012680347801BF820DA4A994
30,7,125,5,1504807427,40EC130126803578012D90F2833EDC
30,7,125,5,1504807732,40EC130126803678015EC4F4069388
30,7,125,5,1504808037,40EC13012680377801913D429B90D0
30,7,125,5,1504808647,40EC130126803978016D6E228DD60E
30,7,125,5,1504808951,40EC130126803A7801CA7EAB265844
30,7,125,5,1504809256,40EC130126803B78017EF4EC73CA1D
30,7,125,5,1504809561,40EC130126803C78019E5B2CF154C3
30,7,125,5,1504810171,40EC130126803E78016AAFCC295CBD
30,7,125,5,1504810476,40EC130126803F78012218BF4DB52D
30,7,125,5,1504810781,40EC130126804078019F52F3881C4C
30,7,125,5,1504811086,40EC13012680417801C196D850DACC
30,7,125,5,1504811390,40EC130126804278015327E2FFAFE2
30,7,125,5,1504812000,40EC13012680447801629C3D703806
30,7,125,5,1504812610,40EC130126804678012F1CBD7C2FE4
30,7,125,5,1504812914,40EC13012680477801AAD4BDA00EB4
30,7,125,5,1504813219,40EC13012680487801B041DDA2BCC8
30,7,125,5,1504813524,40EC1301268049780184536BD400B0
30,7,125,5,1504813829,40EC130126804A7801CDF9749298FC
30,7,125,5,1504814134,40EC130126804B780103A0E8CD8F8C
30,7,125,5,1504814743,40EC130126804D78011EBC31E37E3A
30,7,125,5,1504815048,40EC130126804E7801512FAF92F146
30,7,125,5,1504815353,40EC130126804F78014FE78872B445
30,7,125,5,1504815658,40EC1301268050780155B37EBE24FA
30,7,125,5,1504815962,40EC13012680517801703EA62AF96D
30,7,125,5,1504816572,40EC1301268053780118EF38AD0B84
30,7,125,5,1504816877,40EC13012680547801AA2B779D5A49
30,7,125,5,1504817486,40EC1301268056780182BE5C3ABA0F
30,7,125,5,1504818096,40EC130126805878016A825ECAAF54
30,7,125,5,1504818400,40EC13012680597801ACB6F573C337
30,7,125,5,1504818705,40EC130126805A7801BDFC687EA758
30,7,125,5,1504819010,40EC130126805B78016D1D49CE3AB1
30,7,125,5,1504819315,40EC130126805C7801ED25ADC4AD0D
30,7,125,5,1504819619,40EC130126805D78018A08B6A42E35
30,7,125,5,1504819924,40EC130126805E780158353BB73E03
30,7,125,5,1504820229,40EC130126805F7801AFC2A9CF8DF0
30,7,125,5,1504820534,40EC13012680607801D4A95AA80714
30,7,125,5,1504820838,40EC130126806178013F0008284188
30,7,125,5,1504821753,40EC1301268064780186DE685CE209
30,7,125,5,1504822057,40EC130126806578019F8298F2B64B
30,7,125,5,1504822667,40EC130126806778010DFF5936447C
30,7,125,5,1504822972,40EC130126806878014626E6381734
30,7,125,5,1504823276,40EC1301268069780180A567BF0567
30,7,125,5,1504823581,40EC130126806A7801E39F135DF9E8
30,7,125,5,1504823886,40EC130126806B780199FCB2B92CD5
30,7,125,5,1504824191,40EC130126806C78013E91302497A1
30,7,125,5,1504824495,40EC130126806D7801FDDFED59489B
30,7,125,5,1504824800,40EC130126806E78014D3C6D79AE29
30,7,125,5,1504825105,40EC130126806F7801EE94AF58AF4B
30,7,125,5,1504825410,40EC13012680707801D788E7116D7D
30,7,125,5,1504826324,40EC13012680737801264848BED577
30,7,125,5,1504826628,40EC1301268074780135EF66A74776
30,7,125,5,1504826933,40EC13012680757801E3979B6C346D
30,7,125,5,1504827238,40EC1301268076780105AA403682A0
30,7,125,5,1504827543,40EC13012680777801592793A0057E
30,7,125,5,1504827847,40EC13012680787801D125BF9A0070
30,7,125,5,1504828152,40EC13012680797801C08D528E14F8
30,7,125,5,1504828761,40EC130126807B7801CB6A36512F63
30,7,125,5,1504829066,40EC130126807C780182E8670F2CB5
30,7,125,5,1504829371,40EC130126807D7801F51F4F13B56F
30,7,125,5,1504829980,40EC130126807F7801076DBD1E8C76
30,7,125,5,1504830285,40EC13012680807801A0694C341180
30,7,125,5,1504830590,40EC13012680817801C78B3B33493A
30,7,125,5,1504830894,40EC1301268082780177E96DA2FCAF
30,7,125,5,1504831199,40EC1301268083780150E5450BDAFA
30,7,125,5,1504831504,40EC1301268084780109F8099BDF8F
30,7,125,5,1504831808,40EC1301268085780157CDD5CB770D
30,7,125,5,1504832113,40EC130126808678014766E039CC77
30,7,125,5,1504832722,40EC13012680887801560C8E61637B
30,7,125,5,1504833027,40EC130126808978013099E0BFF1E1
30,7,125,5,1504833331,40EC130126808A78013933A3C022DE
30,7,125,5,1504833636,40EC130126808B78011D63055422D1
30,7,125,5,1504833941,40EC130126808C7801566546B5E078
30,7,125,5,1504834245,40EC130126808D78010B214CE9ECF1
30,7,125,5,1504835464,40EC1301268091780121E2E651A962
30,7,125,5,1504835769,40EC13012680927801826704B1C57F
30,7,125,5,1504836073,40EC130126809378014AAC7773CCC2
30,7,125,5,1504836378,40EC13012680947801555FFA9FA2C9
30,7,125,5,1504836682,40EC130126809578011F1CC54BC9FA
30,7,125,5,1504836987,40EC130126809678019ADDC74161FD
30,7,125,5,1504837292,40EC13012680977801940DB921F381
30,7,125,5,1504837596,40EC13012680987801E5B5B6F236BA
30,7,125,5,1504837901,40EC13012680997801F14BFD195022
30,7,125,5,1504838205,40EC130126809A7801222F1115742C
30,7,125,5,1504838815,40EC130126809C780150E65152CE5E
30,7,125,5,1504839119,40EC130126809D7801374B47B21A36
30,7,125,5,1504840338,40EC13012680A1780123A217FC6D30
30,7,125,5,1504840642,40EC13012680A2780130C0E18C1EFE
30,7,125,5,1504840947,40EC13012680A3780190BBCA937420
30,7,125,5,1504841252,40EC13012680A4780124B8773A30E2
30,7,125,5,1504841556,40EC13012680A57801DA465E76AAB9
30,7,125,5,1504841861,40EC13012680A6780177EF49EF40BC
30,7,125,5,1504842165,40EC13012680A7780156C300ED8749
30,7,125,5,1504842470,40EC13012680A8780192BE57E10F55
30,7,125,5,1504842775,40EC13012680A97801A17EC8F36AB1
30,7,125,5,1504843079,40EC13012680AA78014112244D6FBC
30,7,125,5,1504843384,40EC13012680AB780D493E96B3D9FC
30,7,125,5,1504844298,40EC13012680AE780177E62BEF02E7
30,7,125,5,1504844602,40EC13012680AF780162F899F3B0AD
30,7,125,5,1504844907,40EC13012680B078017F36EF070A55
30,7,125,5,1504845211,40EC13012680B1780145C4CC0D2180
30,7,125,5,1504845821,40EC13012680B37801B6BB4AF845E0
30,7,125,5,1504846125,40EC13012680B47801B658F5A9AEDD
30,7,125,5,1504846734,40EC13012680B6780161FF5321D164
30,7,125,5,1504847039,40EC13012680B778018628D6DDE982
30,7,125,5,1504847344,40EC13012680B87801CD8289567064
30,7,125,5,1504847648,40EC13012680B978018F49814AF8DE
30,7,125,5,1504847953,40EC13012680BA7801CF5C99BE0C12
30,7,125,5,1504848257,40EC13012680BB7801B5E0008D5D4A
30,7,125,5,1504848562,40EC13012680BC780173F9FE4ECD68
30,7,125,5,1504848866,40EC13012680BD780157CBD8A4171F
30,7,125,5,1504849171,40EC13012680BE7801E55DAE42C25B
30,7,125,5,1504849476,40EC13012680BF78015166F5B8562A
30,7,125,5,1504849780,40EC13012680C07801ACEA7BD012B3
30,7,125,5,1504850389,40EC13012680C27801515C02462882
30,7,125,5,1504850999,40EC13012680C4780188E48E522995
30,7,125,5,1504851303,40EC13012680C57801D7DED3557EB0
30,7,125,5,1504851912,40EC13012680C778010659E1DEE668
30,7,125,5,1504852217,40EC13012680C8780164D7A7D7CDA7
30,7,125,5,1504852522,40EC13012680C9780164598DFD7F9F
30,7,125,5,1504853436,40EC13012680CC7801573323FD9513
30,7,125,5,1504854655,40EC130126A2F078016B19738EA981
30,7,125,5,1504854959,40EC13012680D17801974DCA2216BA
30,7,125,5,1504855264,40EC13012680D2780117D28092A4B9
30,7,125,5,1504855569,40EC13012680D378016E89FAC06DE6
30,7,125,5,1504855873,40EC13012680D478011F0F887BDBCB
30,7,125,5,1504856178,40EC13012680D57801C451881842E3
30,7,125,5,1504856788,40EC13012680D71B6196E2C911B9E4
30,7,125,5,1504857397,40EC13012680D978013ABE26B9A103
30,7,125,5,1504857702,40EC13012680DA78013242E9DDA171
30,7,125,5,1504858007,40EC13012680DB780145FE9E05081C
30,7,125,5,1504858312,40EC13012680DC7801A72E386503DA
30,7,125,5,1504858617,40EC13012680DD780150E7830A903F
30,7,125,5,1504858922,40EC13012680DE7801C80722C06E52
30,7,125,5,1504859227,40EC13012680DF7801A87759C686E3
30,7,125,5,1504860142,40EC13012680E2780127EA4C756D3E
30,7,125,5,1504860752,40EC13012680E47801713C243939F2
30,7,125,5,1504861057,40EC13012680E578013B2A79CDD170
30,7,125,5,1504861972,40EC13012680E87801A4CDC6B3BE77
30,7,125,5,1504862277,40EC13012680E9780131C8FC89A9FB
30,7,125,5,1504862582,40EC13012680EA780157783D30A2C8
30,7,125,5,1504862887,40EC13012680EB7801B2E92A4713A7
30,7,125,5,1504863192,40EC13012680EC7801D842A4F97B6F
30,7,125,5,1504863497,40EC13012680ED780144404E19B38B
30,7,125,5,1504864413,40EC13012680F07801AEEE207C88D8
30,7,125,5,1504865329,40EC13012680F37801378D1CD77554
30,7,125,5,1504865634,40EC13012680F478010B8415ACAD90
30,7,125,5,1504865939,40EC13012680F578016CD14D61DA3D
30,7,125,5,1504866244,40EC13012680F6780182A379732689
30,7,125,5,1504866550,40EC13012680F77801E82F3B28CD61
30,7,125,5,1504866855,40EC13012680F878012AECC0A54136
30,7,125,5,1504867160,40EC13012680F97801620434DE8A71
30,7,125,5,1504867465,40EC13012680FA780143B986111C5E
30,7,125,5,1504868076,40EC13012680FC7801033DD557685E
30,7,125,5,1504868381,40EC13012680FD78017DAB7127B2FD
30,7,125,5,1504869297,40EC130126800079010FF0176D34EE
30,7,125,5,1504869603,40EC13012680017901DC7C8626F7CD
30,7,125,5,1504869908,40EC130126800279014B936B8B4DCB
30,7,125,5,1504870213,40EC13012680037901265E5FED77F7
30,7,125,5,1504870824,40EC13012680057901EE2CA653BF41
30,7,125,5,1504871129,40EC13012680067901561349493411
30,7,125,5,1504871435,40EC13012680077901E125FBA10DE0
30,7,125,5,1504871740,40EC13012680087901615270F6DCF0
30,7,125,5,1504872045,40EC13012680097901FD8B2E6CA924
30,7,125,5,1504872656,40EC130126800B7901E5EB6F4BDFB7
30,7,125,5,1504872961,40EC130126800C790198395D3C416B
30,7,125,5,1504873266,40EC130126800D790113514A3C87EF
30,7,125,5,1504873877,40EC130126800F79015D3731E78933
30,7,125,5,1504874183,40EC130126801079012AF947D9881C
30,7,125,5,1504874488,40EC130126801179013236EE03D6B2
30,7,125,5,1504875099,40EC13012680137901730C7DD5248A
30,7,125,5,1504876320,40EC13012680177901A215F7446D76
30,7,125,5,1504876625,40EC13012680187901A0D7646F2AB6
30,7,125,5,1504876931,40EC13012680197901DE3B23C94FE9
30,7,125,5,1504877236,40EC130126801A79013DEB5334724C
30,7,125,5,1504877542,40EC130126801B790189268EB48DF6
30,7,125,5,1504877847,40EC130126801C7901AEEFCDEC7005
30,7,125,5,1504878152,40EC130126801D79015B5CE52A739C
30,7,125,5,1504878763,40EC130126801F79014F6F57D439B8
30,7,125,5,1504879068,40EC130126802079015FE496297FA3
30,7,125,5,1504879374,40EC130126802179012E8CBF1C322C
30,7,125,5,1504879679,40EC13012680227901E0968014C205
30,7,125,5,1504880290,40EC130126802479016EFC8D39965E
30,7,125,5,1504880595,40EC13012680257901F36932934E5E
30,7,125,5,1504880901,40EC13012680267901B5B588AD0224
30,7,125,5,1504881511,40EC130126802879015318B3749D66
30,7,125,5,1504882122,40EC130126802A79018191ABC8EE0F
30,7,125,5,1504882732,40EC130126802C79017ED341B5588D
30,7,125,5,1504883038,40EC130126802D79014671177D7D7F
30,7,125,5,1504883343,40EC130126802E7901C47AA51E9860
30,7,125,5,1504883648,40EC130126802F7901A18AFAF0B29E
30,7,125,5,1504884564,40EC13012680327901B07EED8EDCA5
30,7,125,5,1504884869,40EC13012680337901DB4C40D026F7
30,7,125,5,1504885174,40EC130126803479018D1040E063C2
30,7,125,5,1504885479,40EC130126803579019AF7FED63229
30,7,125,5,1504885785,40EC13012680367901F1F3C3FE6C46
30,7,125,5,1504886090,40EC1301268037790166E0D1D2A028
30,7,125,5,1504887310,40EC130126803B7901EE9563BC58C4
30,7,125,5,1504888226,40EC130126803E7901DEB5F6EEF0AC
30,7,125,5,1504888531,40EC130126803F7901E7709FFBDA02
30,7,125,5,1504881511,40EC130126802879015318B3749D66
30,7,125,5,1504882122,40EC130126802A79018191ABC8EE0F
30,7,125,5,1504882732,40EC130126802C79017ED341B5588D
30,7,125,5,1504883038,40EC130126802D79014671177D7D7F
30,7,125,5,1504883343,40EC130126802E7901C47AA51E9860
30,7,125,5,1504883648,40EC130126802F7901A18AFAF0B29E
30,7,125,5,1504884564,40EC13012680327901B07EED8EDCA5
30,7,125,5,1504884869,40EC13012680337901DB4C40D026F7
30,7,125,5,1504885174,40EC130126803479018D1040E063C2
30,7,125,5,1504885479,40EC130126803579019AF7FED63229
30,7,125,5,1504885785,40EC13012680367901F1F3C3FE6C46
30,7,125,5,1504886090,40EC1301268037790166E0D1D2A028
30,7,125,5,1504887310,40EC130126803B7901EE9563BC58C4
30,7,125,5,1504888226,40EC130126803E7901DEB5F6EEF0AC
30,7,125,5,1504888531,40EC130126803F7901E7709FFBDA02
30,7,125,5,1504888836,40EC13012680407901F624D04CE158
30,7,125,5,1504889141,40EC1301268041790148D54C8635D8
30,7,125,5,1504890057,40EC130126804479016A0F8227A340
30,7,125,5,1504890362,40EC13012680457901594ED383F231
30,7,125,5,1504890667,40EC1301268046790143D64EDEC749
30,7,125,5,1504890972,40EC130126804779010E8DFBF4D7E1
30,7,125,5,1504891277,40EC13012680487901B13545CAF416
30,7,125,5,1504891582,40EC1301268049790110609BAC29AC
30,7,125,5,1504891887,40EC130126804A790199B85C4CB9F6
30,7,125,5,1504892192,40EC130126804B7901E2C9DA058EC9
30,7,125,5,1504892497,40EC130126804C7901826C1F7BA5BE
30,7,125,5,1504893107,40EC130126804E79011C2A518AC383
30,7,125,5,1504893411,40EC130126804F79011A7AD778AB0E
30,7,125,5,1504893716,40EC130126805079014C0BE0B11B99
30,7,125,5,1504894021,40EC130126805179016A18DF405060
30,7,125,5,1504894326,40EC13012680527901438D6A85C6E5
30,7,125,5,1504894631,40EC1301268053790114D46B62F5CB
30,7,125,5,1504895241,40EC130126805579016BD66C260103
30,7,125,5,1504895546,40EC13012680567901EC1102AF3CE2
30,7,125,5,1504895851,40EC130126805779016E8D3ABD5C45
30,7,125,5,1504896156,40EC13012680587901B0679CEB1BE4
30,7,125,5,1504896461,40EC13012680597901B606A668DBE5
30,7,125,5,1504897070,40EC130126805B79015ABE6556E917
30,7,125,5,1504897375,40EC130126805C7901B3F2C0E21E0C
30,7,125,5,1504898595,40EC13012680607901A480A9CE6AA0
30,7,125,5,1504898900,40EC13012680617901A8CA70EEFBA8
30,7,125,5,1504899204,40EC13012680627901576C92FB83DF
30,7,125,5,1504899814,40EC13012680647901A125F2788411
30,7,125,5,1504900424,40EC13012680667901BB50EC8750C5
30,7,125,5,1504900729,40EC1301268067790151A66BD54C69
30,7,125,5,1504901034,40EC13012680687901F07B7D1E86CE
30,7,125,5,1504901948,40EC130126806B7901B689F49B493D
30,7,125,5,1504902253,40EC130126806C7901209CA9DEED0D
30,7,125,5,1504902863,40EC130126806E79012855C93F6CF2
30,7,125,5,1504903168,40EC130126806F7901DE2827AEC10E
30,7,125,5,1504903473,40EC130126807079015170718730C7
30,7,125,5,1504903778,40EC13012680717901C362F74C4BC5
30,7,125,5,1504904693,40EC13012680747901E7D12C8AAAB4
30,7,125,5,1504904997,40EC1301268075790171F4E27562BC
30,7,125,5,1504905302,40EC13012680767901A8B717CB43E5
30,7,125,5,1504905912,40EC130126807879016D86A9CA8839
30,7,125,5,1504906217,40EC13012680797901ACD7DE336C8A
30,7,125,5,1504906522,40EC130126807A79014A07B8BB4BD5
30,7,125,5,1504906827,40EC130126807B7901E13814437D6A
30,7,125,5,1504907742,40EC130126807E79012DD20E912D4A
30,7,125,5,1504908351,40EC13012680807901439E1A1D7790
30,7,125,5,1504908961,40EC130126808279015FC3D3256D7C
30,7,125,5,1504909266,40EC13012680837901A79D064CA350
30,7,125,5,1504909571,40EC13012680847901ECD082F3EF65
30,7,125,5,1504909876,40EC13012680857901ABB63964175B
30,7,125,5,1504910485,40EC13012680877901F4E4827B3F80
30,7,125,5,1504910790,40EC13012680887901C0E591DC1BD0
30,7,125,5,1504911095,40EC13012680897901996B0D515787
30,7,125,5,1504911400,40EC130126808A7901C1EA078994D2
30,7,125,5,1504912010,40EC130126808C7901B27F67D55E84
30,7,125,5,1504912315,40EC130126808D7901488EAD4A3531
30,7,125,5,1504912620,40EC130126808E7901E074554D2377
30,7,125,5,1504912924,40EC130126808F7901BFB55B249E1C
30,7,125,5,1504913229,40EC13012680907901095D3CC2E551
30,7,125,5,1504913534,40EC13012680917901774C9129536B
30,7,125,5,1504913839,40EC13012680927901A94A83F069D1
30,7,125,5,1504914144,40EC1301262309B58C7F10640B3C9E
30,7,125,5,1504914449,40EC1301268094790126700FEC4F12
30,7,125,5,1504915058,40EC13012680967901B25D246D0395
30,7,125,5,1504915363,40EC13012680977901E93AE1B0F1D7
30,7,125,5,1504915973,40EC130126809979017E973599707D
30,7,125,5,1504916277,40EC130126809A7901EDC823A4ED2C
30,7,125,5,1504916887,40EC130126809C7901C09DFCBC277B
30,7,125,5,1504917192,40EC130126809D79018465686D4ED6
30,7,125,5,1504917497,40EC130126809E7901C2358C868ECE
30,7,125,5,1504917802,40EC130126809F7901FC05FF3800E1
30,7,125,5,1504918106,40EC13012680A079010FC370CBC3C0
30,7,125,5,1504918716,40EC13012680A27901E8CD944F3D28
30,7,125,5,1504919326,40EC13012680A479016BB40EFE3746
30,7,125,5,1504919935,40EC13012680A679019BE03AA0B574
30,7,125,5,1504920240,40EC13012680A77901DED06ED56A2F
30,7,125,5,1504920545,40EC13012680A87901E24AA14735CE
30,7,125,5,1504921154,40EC13012680AA7901CF4ECA4E94ED
30,7,125,5,1504921459,40EC13012680AB7901ED74CB8142BB
30,7,125,5,1504921764,40EC13012680AC790127337B48F85A
30,7,125,5,1504922069,40EC13012680AD790152857A032376
30,7,125,5,1504922373,40EC13012680AE79019DC26E9561A0
30,7,125,5,1504922983,40EC13012680B07901219D4B9752B1
30,7,125,5,1504923288,40EC13012680B179016490D2EE8E8C
30,7,125,5,1504923897,40EC13012680B37901470AD9A07EEF
30,7,125,5,1504924507,40EC13012680B57901A04393351A51
30,7,125,5,1504924812,40EC13012680B6790179369F9C77D9
30,7,125,5,1504925116,40EC13012680B77901BBB612204524
30,7,125,5,1504925421,40EC13012680B87901F9E7B08430D2
30,7,125,5,1504925726,40EC13012680B9790175FC73630C82
30,7,125,5,1504926031,40EC13012680BA7901DD414C6FA6F8
30,7,125,5,1504926335,40EC13012680BB7901B1C231422C55
30,7,125,5,1504926945,40EC13012680BD790140AFFDBB2ABB
30,7,125,5,1504927249,40EC13012680BE790154D823064BBD
30,7,125,5,1504927554,40EC13012680BF79018225AF36E4E0
30,7,125,5,1504927859,40EC13012680C07901CCF0A91C33E9
30,7,125,5,1504928164,40EC13012680C17901A42AAA0D5599
30,7,125,5,1504928468,40EC13012680C27901C1415F6F1621
30,7,125,5,1504928773,40EC13012680C37901794C9A7FDDE5
30,7,125,5,1504929382,40EC13012680C57901F734B0C6E36A
30,7,125,5,1504929992,40EC13012680C77901132AB7D70BF5
30,7,125,5,1504930906,40EC13012680CA7901094AF6224DA9
30,7,125,5,1504931515,40EC13012680CC7901546DFAD5308D
30,7,125,5,1504931820,40EC13012680CD7901B170F562859A
30,7,125,5,1504932125,40EC13012680CE7901B3D3179627D8
30,7,125,5,1504932430,40EC13012680CF79018F5BFE8D13F9
30,7,125,5,1504932734,40EC13012680D0790193F135E2806F
30,7,125,5,1504933344,40EC13012680D27901B7B4E54A07F4
30,7,125,5,1504933953,40EC13012680D479018B34C5354954
30,7,125,5,1504934258,40EC13012680D57901106E72EBF3B5
30,7,125,5,1504934563,40EC13012680D67901A10C360BBC57
30,7,125,5,1504934867,40EC13012680D77901C56434B9AF74
30,7,125,5,1504936086,40EC13012680DB7901F3F1BD7B2682
30,7,125,5,1504936391,40EC13012680DC7901D1158F58736A
30,7,125,5,1504936696,40EC13012680DD790127011E8763AE
30,7,125,5,1504937001,40EC13012680DE7901EAAE90AC099A
30,7,125,5,1504937305,40EC13012680DF7901CF3E2F287232
30,7,125,5,1504937915,40EC13012680E179015EF2AB901297
30,7,125,5,1504938220,40EC13012680E2790143B25D3C14E6
30,7,125,5,1504938525,40EC13012680E3790153AD1EA5B25E
30,7,125,5,1504938829,40EC13012680E479015991CA5368E0
30,7,125,5,1504939134,40EC13012680E57901EC2A263B89E1
30,7,125,5,1504939439,40EC13012680E679015B5645AEC816
30,7,125,5,1504939744,40EC13012680E779014D255A8EBE35
30,7,125,5,1504940048,40EC13012680E8790141E7336BB0E2
30,7,125,5,1504940353,40EC13012680E97901BB10B283591A
30,7,125,5,1504940658,40EC13012680EA7901F8EDFCBB85CD
30,7,125,5,1504941573,40EC13012680ED790118AB80BF68A8
30,7,125,5,1504942487,40EC13012680F07901DC2D9244A635
30,7,125,5,1504942792,40EC13012680F17901343174A34855
30,7,125,5,1504943097,40EC13012680F279017AE49EF39722
30,7,125,5,1504943402,40EC13012680F37901E3424AF91CA8
30,7,125,5,1504944012,40EC13012680F579015784402CCFC9
30,7,125,5,1504944317,40EC13012680F6790184DA3FFB5D06
30,7,125,5,1504944927,40EC13012680F879014977CD47F0F4
30,7,125,5,1504945232,40EC13012680F9790118BB60E5961F
30,7,125,5,1504945537,40EC13012680FA79012B67F4989357
30,7,125,5,1504945842,40EC13012680FB7901FBFAE63C029F
30,7,125,5,1504946147,40EC13012680FC79010789FCA02B2B
30,7,125,5,1504946452,40EC13012680FD7901503C520087DA
30,7,125,5,1504946757,40EC13012680FE79014F3E9DBE1116
30,7,125,5,1504947062,40EC13012680FF790140F899C5351C
30,7,125,5,1504947672,40EC13012680017A01DB66D43B293F
30,7,125,5,1504948587,40EC13012680047A01A68C0DBA7AC1
30,7,125,5,1504948893,40EC13012689057A010A8554352B60
30,7,125,5,1504949198,40EC13012680067A01C4383618387F
30,7,125,5,1504949503,40EC13012680077A0137E29DA0E080
30,7,125,5,1504949808,40EC13012680087A0139DD87EE620A
30,7,125,5,1504950113,40EC13012680097A011D0BC942FDA6
30,7,125,5,1504950419,40EC130126800A7A0196AA573D8E54
30,7,125,5,1504950724,40EC130126800B7A01800AED3FCAB9
30,7,125,5,1504951640,40EC130126800E7A0153B1F87EE3A9
30,7,125,5,1504951945,40EC130126800F7A01AE96320144E6
30,7,125,5,1504952250,40EC13012680107A01AA043F1C8C19
30,7,125,5,1504953472,40EC13012680147A01C33368C006F0
30,7,125,5,1504953777,40EC13012680157A01EA2A5BC2A56E
30,7,125,5,1504954082,40EC13012680167A0144FA24970C02
30,7,125,5,1504954388,40EC13012680177A01C58317F18669
30,7,125,5,1504954998,40EC13012680197A01329DED72A029
30,7,125,5,1504955609,40EC130126801B7A01127D893C3B7B
30,7,125,5,1504956220,40EC130126801D7A0132EA64BC9CA0
30,7,125,5,1504956526,40EC130126801E7A01A74C90FC81FA
30,7,125,5,1504956831,40EC130126801F7A011D191D490934
30,7,125,5,1504957442,40EC13012680217A01AEBFE0AADC6D
30,7,125,5,1504958358,40EC13012680247A014C7BBAE87DCE
30,7,125,5,1504958664,40EC13012680257A0167F8E162BD70
30,7,125,5,1504958969,40EC13012680267A01BD7BA2674CA3
30,7,125,5,1504959580,40EC13012680287A018F41AF6D795B
30,7,125,5,1504959886,40EC13012680297A0120EE4FAC24F5
30,7,125,5,1504960191,40EC130126802A7A0139C13D06CA83
30,7,125,5,1504960497,40EC130126802B7A0168412C15212F
30,7,125,5,1504960802,40EC130126802C7A01A4AC8F302E3F
30,7,125,5,1504961107,40EC130126802D7A01E83AF1804283
30,7,125,5,1504961718,40EC130126802F7A016FED073F8166
30,7,125,5,1504962024,40EC13012680307A0105C2EBB7DA16
30,7,125,5,1504962329,40EC13012680317A018627B042D8D2
30,7,125,5,1505117586,40EC130126802E7C01F4E14FB3E763
28,7,125,5,1504740078,400C1801260C8672C11205367671
28,7,125,5,1504808792,40091A012600D50601F157D8D881
28,7,125,5,1504848414,40091A012600510901A1A266DD58
28,7,125,5,1504774529,40091C012600AF040127740888F2
28,7,125,5,1504868722,40091C012600970A011800FFC86C
28,7,125,5,1504793965,760F1C012600E705019F7BD87F71
30,7,125,5,1504710818,408A1E0126800155019C66558B7B22
30,7,125,5,1504952818,408A1E012680D46703E3AEC6E0C31D
68,7,125,5,1504940949,40D121012600478E0D810A48F17910D7F95CD630A5207E95AD7BB674D4DC4F5BE3D7
68,7,125,5,1504888457,40D123012600434B01F26EFCB1C4E8AB4E7A7B734B087597D7B6222A4E1002A55FD3
68,7,125,5,1504888457,40D123012600434B01F26EFCB1C4E8AB4E7A7B734B087597D7B6222A4E1002A55FD3
68,7,125,5,1504954004,71D928012600074F01F31B0A3B44C963478F35DB7FDCAB787C860BABC9C6E16E610D
42,12,125,5,1504955465,40D629012680010001F57112402058D4A08F23B954
50,12,125,5,1504955496,40D629012680030001262720683FF184918E55C1A803020A7E
50,12,125,5,1504956739,40D629012680050001FBA36A514111E67D708CD66D977C9582
50,12,125,5,1504957362,40D629012680060001C57357EA4EFDF9669D64F1D2DF0C8A22
50,12,125,5,1504957982,40D62901268007000181BFF5AA21E4BF02BA423B2E344A8320
50,12,125,5,1504959228,40D629012680090001909B14B095968A831A182DC1EFB1FF7C
50,12,125,5,1504959845,40D6290126800A0001D539E9B9AD33698493164D1955B2FCF4
50,12,125,5,1504960463,40D6290126800B0001B58EBDF54ED20DDA201CCBFB61DD3914
68,7,125,5,1504946525,43E22A012600994E01145E720C31AD351B55E18EEE8949AF1FF8AA790AA41529C3F9
68,7,125,5,1504842357,40112B01260C95480195F2AAAB7DBD17C873C682A170274DAB8A9BCA3B60C56BCB2E
68,7,125,5,1504962300,40112B012600814F01E16741D045CAB1F6CC850B427F75524768E1BEE685C146CF87
68,7,125,5,1504901716,40812B012600064C01E9F2CB62B3FEE0013106AA9C74D27A372470618CA5A6698ED1
68,7,125,5,1504956656,51C12B0126002E4F0170733DAD39ABFD3EB656753D1022DF134BD578543BE86E722F
64,7,125,5,1504703293,40D12B012600A0400175B1DDEED30572BB54A1F7E6415C38AC20D92EDE69E985
64,7,125,5,1504703361,40D12B012600A14001F6B8A3731111AED6D9875BC6193543E335B45C7781650B
64,7,125,5,1504703497,40D12B012600A340012404F711CA6D5511B0ECCF2DBB0356208AB6EB19A169A3
64,7,125,5,1504703633,40D12B012600A54001AFD2A168CA59AF10C242E795AD3B04FA7E7E8B8DEB6BF1
64,7,125,5,1504703701,40D12B012600A6400132BB9C3964DA01C91D88820772EA00B57DF3EA5AC3789D
64,7,125,5,1504703769,40D12B012600A740015DB7448A8C55FD286B96F79417AFDF35764D7254401653
64,7,125,5,1504703905,40D12B012600A94001DFAEB6F0F5BCB87B7317C8ED93739A2961757849AE0267
64,7,125,5,1504703973,40D12B012600AA4001BCFC3471261F7C0DD86B243002DE8DF409942824A3FE7B
64,7,125,5,1504704041,40D12B012600AB4001FAF25CB296AA05093516F0AF9C17F167CD472146838DA2
64,7,125,5,1504704245,40D12B012600AE40013C3062534899BAE000AE1A7D781719C959A8AC97ACED35
64,7,125,5,1504704313,40D12B012600AF4001FB422F0EB5D3CAACA796ECE4D2258F0446E14E954F9D30
64,7,125,5,1504704381,40D12B012600B04001232650A9ED7965C13283A4273857E8BEDC8F3657D66C59
64,7,125,5,1504704449,40D12B012600B1400117454689CE7035A59DDD780D1242B8249A1FD2629904BD
64,7,125,5,1504704517,40D12B012600B24001D27F70B6F9E0265389543EF19E1307E9389414C9B4FB01
64,7,125,5,1504704585,40D12B012600B340014DF00BAA7F03B45BCBBC0D35C6539C4C9F6049EA263091
64,7,125,5,1504704653,40D12B012600B44001460ADB23D183FE36A5620FA37A6DC64E54EC6949982113
64,7,125,5,1504704721,40D12B012600B5400124AD388E8E60A8D33B0EFA3CC296D8898CB211A80EAB34
64,7,125,5,1504704790,40D12B012600B640013A4DFC50B3F19FE1213BB3D89B8A40C920B013DD11C1C3
64,7,125,5,1504704858,40D12B012600B74001EF55FDD3EA9D1EFF166D64F0CA5794EF404ECFCF81841F
64,7,125,5,1504704926,40D12B012600B84001CBA1C0FC3403AA56CA7E2F4351FF9C941A26999F86C065
64,7,125,5,1504705062,40D12B012600BA40015E63DA3443F802A06244D5F188BE7DB13B343986C0C1A4
64,7,125,5,1504705130,40D12B012600BB400146242B4A3E596447004F01353B08F0113E1C1851815AF8
64,7,125,5,1504705198,40D12B012600BC4001B3F22A81C751D6C01D229B1444FEAB01490C44D64EAA50
64,7,125,5,1504705266,40D12B012600BD4001ED4A73E5E3574E4C83A85B49715E8D9C546A4B3683F19B
64,7,125,5,1504705334,40D12B012600BE40017F1950FE0E0DCEFA74692E9341F7597E7AF3366A8C4939
64,7,125,5,1504705402,40D12B012600BF4001F9629869AD7AC4300002A1DB21E6A0FF2AFDBC702D39AF
64,7,125,5,1504705538,40D12B012600C1400163818B2BB9AB21596F3FE2573A48CC4C244CF98DF1CB36
64,7,125,5,1504705606,40D12B012600C2400144E9066E7B33A75F54BDCBF5A8276BC193628F32F00D9C
64,7,125,5,1504705674,40D12B012600C34001616E03F4A71C3A5BBE0255A1298FACA959F2046F05BD36
64,7,125,5,1504705742,40D12B012600C44001BE3E76DE0B92D5A9F998D0754505C556A011CD4DBA5D88
64,7,125,5,1504705810,40D12B012600C540018BC7C1E85B025D1C5ECAFF019663533EF0866A57B92C00
64,7,125,5,1504705878,40D12B012600C640015E9AAD26E5594219621C849387518FF3F7B4751D607E74
64,7,125,5,1504705946,40D12B012600C74001372EB824B9BDFD8BDA936A6CA5CE41F1A63D50AD9A049F
64,7,125,5,1504706082,40D12B012600C940017F942EE1297140D2DBCB5449D5BC9FDB2BA6157904EC3C
64,7,125,5,1504706150,40D12B012600CA40010C18955750B1021FFC053D43E1A7DB0CA26C195830CE24
64,7,125,5,1504706218,40D12B012600CB4001C08DCF913AFFC1557DAA5C647A36016F7BF48F8869B94B
64,7,125,5,1504706354,40D12B012600CD400158EB7C75100B6C1D3967E4867B05446A498D69011B2F4E
64,7,125,5,1504706422,40D12B012600CE4001731677E1CB6A470AA9639A78B21291521C2E25B1C49D10
64,7,125,5,1504706490,40D12B012600CF400186303947DD68E8CF80B44C6B32E3145DD9E0D782E0816D
64,7,125,5,1504706558,40D12B012600D04001BBBF53316255F79DE34272D939939272AEBCEF0A94DF54
64,7,125,5,1504706627,40D12B012600D1400183BC262732ECE4D5779EE3428EDD967CB186395D487E29
64,7,125,5,1504706695,40D12B012600D24001744954AA8599E7582EDA05BF7BD22B89BA63568A5DFA6C
64,7,125,5,1504706831,40D12B012600D4400138AD834F2777C5779C9F5C6F427711231CEC3326A4E815
64,7,125,5,1504706899,40D12B012600D5400118FBE310CC55D3E16219D188A8D11FBA5E6006D8134C25
64,7,125,5,1504706967,40D12B012600D64001648F2DC47F5A586D76596C89BAC20A1E8E06C6465B86A5
64,7,125,5,1504707035,40D12B012600D74001727180BC9AD8196A5E009CCB9D7D148564F62FB7919B1B
64,7,125,5,1504707103,40D12B012600D84001886AD10FF9B48D1703EB2B3ED82DB79E0BACCDBCBBD078
64,7,125,5,1504707171,40D12B012600D94001676EED310C707530D7B89BCA098EC37E61C12EF791D3EB
64,7,125,5,1504707239,40D12B012600DA4001C38CB1038B2D09EE57EAE456AD0C8A538828662C19054C
64,7,125,5,1504707307,40D12B012600DB400131EBF6D75282F05702510E90834EFB8B59A58447A4F587
64,7,125,5,1504707511,40D12B012600DE400161E17195B2EF5138F443B137B4522EBEE935F8EEC35757
64,7,125,5,1504707579,40D12B012600DF4001AEABBB53332627702232B6A6B6EDB11C8860D737A972BC
64,7,125,5,1504707647,40D12B012600E04001CFB7A3BF4FD978064AB9E8D2A270D8C9D78CF44154F0BC
64,7,125,5,1504707715,40D12B012600E14001FA8BEA56FDE2613FBF298EE082B0A53D1E944B4C4D3AFE
64,7,125,5,1504707851,40D12B012600E340016EBE22A14DD33537A698D5DDA9D4231ABCEA23349E36A0
64,7,125,5,1504707919,40D12B012600E44001E01B9732A7CC725BE0770DA8B071D65813CB763C1AF788
64,7,125,5,1504708055,40D12B012600E64001054F9213F582894D0EB5F1529B74272A39D78885C62924
64,7,125,5,1504708123,40D12B012600E74001EB2295E5330B705F0029F6AAC77EFBB2979DC20B88C292
64,7,125,5,1504708191,40D12B012600E84001249AFD2F6A86861A384258F553E05C6A052374F331C56D
64,7,125,5,1504708259,40D12B012600E9400168EB20322BFFCEC0AC6EE12D4971D2CC9A5838E3988FD9
64,7,125,5,1504708327,40D12B012600EA40018CAAB373F37CBCA472F4B05AA64029BA59683C34A5EAF8
64,7,125,5,1504708395,40D12B012600EB4001FF5D8F36C4E9219390A66094CB5ABAC989FE43A40883F9
64,7,125,5,1504708600,40D12B012600EE400176CAB0ED87F0D2375192F1FD5B458586B61FEEC650CEEA
64,7,125,5,1504708668,40D12B012600EF40013FC09A3776C24465AF2A6A2EB1C548BD6632AC1299413E
64,7,125,5,1504708736,40D12B012600F0400127E2C244E12490EF0EDC48FB1A13EE00C61F77385B6FF1
64,7,125,5,1504708804,40D12B012600F1400125E7917B8162DD98B778B41965733FFA4D751D42ED76DF
64,7,125,5,1504708872,40D12B012600F24001FE0FE70B14D0A9189D8584C9368DDDDDDCB3CB11A5711F
64,7,125,5,1504708940,40D12B012600F340013BC9A800F897D5A110488F20EB6013876848AF6D6F3D6D
64,7,125,5,1504709008,40D12B012600F44001F8584325789C1BB7B4B055FFC52C2BC7C42A0BEB2FE964
64,7,125,5,1504709076,40D12B012600F540011D7FA06F1E4844F3ED04FBD064E6FE6A440BC800DEBBDD
64,7,125,5,1504709212,40D12B012600F74001844305E3B156EC0E2D31BF425F5A4F28860FC4669871B4
64,7,125,5,1504709280,40D12B012600F84001C89106A5313290A8A7DE68D19059052E493C932D0BB73D
64,7,125,5,1504709348,40D12B012600F940010AC704D522232DCA4B3231C7ADE45951FE4CDDC7F26FF1
64,7,125,5,1504709416,40D12B012600FA4001D0B06D111AA996CCC19B49B30DC6A80035897443F7FFAA
64,7,125,5,1504709484,40D12B012600FB400178886D68366906E81AE0D0F239AFC8241541D7670A024A
64,7,125,5,1504709552,40D12B012600FC400169CAF59F1C635D19C056B2D78F26428F2A3941C789F585
64,7,125,5,1504709620,40D12B012600FD40019EB821E1BF452BAC29BC97B822098E7152E55DD0E3ECFB
64,7,125,5,1504709688,40D12B012600FE4001B06C6BAE31866218FC4E8FC21EB784C0F7CF4DFF07590D
64,7,125,5,1504709824,40D12B0126000041016E650C4448349D148B00EFEE857937250F1C3E41A019D7
64,7,125,5,1504709892,40D12B012600014101307E73401FCDDC5179EE1EFE57A207A6E84CF9321DFAD6
64,7,125,5,1504709960,40D12B012600024101F30959894C6D04AD00829122831A0806A7DB31BE7EAB9C
64,7,125,5,1504710028,40D12B012600034101FB91906FF538468576E2439CC4EC67BA7247FED2454CD3
64,7,125,5,1504710096,40D12B0126000441014BDF82B2E27C170EFD5D4D8DB9E965FD4EF1D783AB7100
64,7,125,5,1504710164,40D12B012600054101CE5889B444ED7F9CE01944308084302F4A198C69D75D9C
64,7,125,5,1504710232,40D12B0126000641010088B31A5CB9D3A34B892B6AB7541963814928A91B51A0
64,7,125,5,1504710437,40D12B012600094101736376BEE0B15BD13E36F3F230B92DE59785FF82512A30
64,7,125,5,1504710573,40D12B0126000B4101B673BEFAE049BFB845383A790A72A45C5D81ACA8C3FAF0
64,7,125,5,1504710641,40D12B0126000C4101EAD9B76D6AE2EFEB5D2C1414834C71A1E73D338C0589B2
64,7,125,5,1504710777,40D12B0126000E41014E41E598EE43C1DBCB3F21D9921269989F091EE030E574
64,7,125,5,1504710845,40D12B0126000F4101D86F068692395CF6FABA740136F67E2C4F094713D66B02
64,7,125,5,1504710913,40D12B0126001041014C188436459857DBE74D6437F2A497DACD5CFE9EBB5681
64,7,125,5,1504710981,40D12B012600114101142BBEF201E4A966C58B4BF92F0586B65AFE223868F0CE
64,7,125,5,1504711049,40D12B0126001241018A2AB1592A790C740BDD100116FC04361858EB83F8ECA2
64,7,125,5,1504711185,40D12B0126001441015471C48F54B2A09EB89B36C45CD64FADFA701B4DA8EA03
64,7,125,5,1504711253,40D12B012600154101BA361C603AADC6D1425832CFB0D216236C1CCE2A98D615
64,7,125,5,1504711321,40D12B012600164101BD87273FDAB5D65FE1BD654B94CF00908C7F47C1055E69
64,7,125,5,1504711457,40D12B0126001841012A454DB6D3C533A5B5C2EF18A5D135528E8700A13A91C9
64,7,125,5,1504711525,40D12B012600194101A45869A861CA26A3D3B520AC4EAE9BB9D4BD83F6620173
64,7,125,5,1504711593,40D12B0126001A4101CFD4567668EC037078A07AD80979DE282EE0F2ED2C98AE
64,7,125,5,1504711661,40D12B0126001B4101F6B04CBD9D5BD003FE10C5B753425D945709C4FC0E5161
64,7,125,5,1504711797,40D12B0126001D4101DEAEF86A38E9679E860BA0E98F9C05EA6A54D8E432501E
64,7,125,5,1504711865,40D12B0126001E4101A459C9BE6AF7442C365B2A18F299D154E148472CEF821F
64,7,125,5,1504712001,40D12B012600204101725F779602623B22059C17ACE23C39782A568DFD805210
64,7,125,5,1504712069,40D12B012600214101E217910E8F96800A7D45F424C7598914A16E7E9327CEAD
64,7,125,5,1504712138,40D12B0126002241015BE28ECF2A6280709EEBF7530777BFB1229ADC15F3C55C
64,7,125,5,1504712206,40D12B0126002341019BBA1430EC5FFB8D1C64A896F52D5F48F1E2940E5BE27A
64,7,125,5,1504712274,40D12B0126002441012C28D3843C2C42C6DD00BFD9F1E4DFB0814AAE06AA5025
64,7,125,5,1504712342,40D12B0126002541010962BB784221C0B205CE986C096A3C8C26A648254EEB14
64,7,125,5,1504712410,40D12B0126002641014506EB5BCD4FB2220F80595C8304BDE2564DE161CE9599
64,7,125,5,1504712478,40D12B012600274101CAC96CAFB4D4B5D91E1FBE7340799E68D6727844481E05
64,7,125,5,1504712546,40D12B012600284101709AF59D98ADC4C57AFB284AA6575ED513A3A5C93E6156
64,7,125,5,1504712614,40D12B0126002941012D3D000F08C1314870C22FB0F613CDED021B4A635BCE40
64,7,125,5,1504712682,40D12B0126002A4101A527EBAA1FA089CEF190BF21BD8F2240EC02445FCA79C9
64,7,125,5,1504712750,40D12B0126002B41013BCC8A9236175F1DB825CABA32177C1378DE93D9D7EE91
64,7,125,5,1504712818,40D12B0126002C4101E74614B29AB28369CC8A33B8F1F23B43D8FF0179F77383
64,7,125,5,1504712886,40D12B0126002D410100939428CAD95BF8015BE2066282B9E34E91062D08267E
64,7,125,5,1504713022,40D12B0126002F410194859627C00171C09591A2BF08FCF5A99D4CA29328AE53
64,7,125,5,1504713226,40D12B0126003241019634CA1D303E1542322E33B3D732295688EA5387D1E6CE
64,7,125,5,1504713294,40D12B01260033410153D18A3A8B8594EB0284FCB1398D42053CDC5AB4684674
64,7,125,5,1504713362,40D12B0126003441019A639B292CFAB2B1074D22B4B0D9F8AFBE9877C1DF72BC
64,7,125,5,1504713566,40D12B01260037410161310148FD9C0897E932CE3E72B65B01D168F5A5C514B9
64,7,125,5,1504713634,40D12B012600384101DA77606962E68528257315561ABFB48FB261A23972A4DB
64,7,125,5,1504713770,40D12B0126003A41019B0BE2114FF2B98B5CF96516E4CA4A6E4EA11441D9FFD8
64,7,125,5,1504713838,40D12B0126003B4101B679CFF2F747F3E13414DE985990A69E4E23A8179B778D
64,7,125,5,1504713906,40D12B0126003C410164C72F600447B68825781A2DFF55E1E4AFB4BF5A72F6D8
64,7,125,5,1504714043,40D12B0126003E410196D30122D014793E6530FA1C6F4A75EAF419C516D8CB85
64,7,125,5,1504714111,40D12B0126003F4101DD290E3089BF1B6D2B40F880C0832D4221A126C8B26D72
64,7,125,5,1504714247,40D12B012600414101E64DE8AEE8A244CA2DD8135491F16FDC6BAF01DA39E1D6
64,7,125,5,1504714315,40D12B012600424101ACEAE4088E5E986F93F61542A65C56CED4BB6B1C0905B6
64,7,125,5,1504714383,40D12B012600434101B307C835E3CBEF065017F10E43D389BB7E9CB1D65ADF1D
64,7,125,5,1504714451,40D12B01260044410144EF02DB52DCB9C2CBB9BD208625A31CDA8B547D88FDFB
64,7,125,5,1504714519,40D12B0126004541017CFE4E3CE4C497BC77D7D38A31E3A81483C516C219AF21
64,7,125,5,1504714587,40D12B012600464101DA637ABBE3A71B05CFE704DC6C160797A2BE1356265823
64,7,125,5,1504714655,40D12B012600474101F8D32C9F79A057814CB71D0167EDEE09874E92C4456088
64,7,125,5,1504714791,40D12B012600494101838574C031F797309AF0B589744A47CE3CCEFE2ED50CB2
64,7,125,5,1504714859,40D12B0126004A4101CDD7D0E13AB7946D10E4A3059614AD4FC7F708A7A960D9
64,7,125,5,1504714995,40D12B0126004C410177091A6443A23E4D8E5C7B656D153F7A5B3D1C4C70E20C
64,7,125,5,1504715131,40D12B0126004E41010A9B2A046BD7BB953988A2CD3AD7D32CD4EEA82B62D957
64,7,125,5,1504715199,40D12B0126004F4101C48CBC3D4B6C5DE907420DB8151FA09038D658986893B9
64,7,125,5,1504715267,40D12B0126005041016048E326CC239D662FC938C6E583CA8924317263D93FC1
64,7,125,5,1504715335,40D12B012600514101FD7C36770A1262F0E7FBF888A9B1879B125389F6030987
64,7,125,5,1504715403,40D12B0126005241012BB23507793384B8B95A847A6FFBDA8AD48DB4C51791A6
64,7,125,5,1504715539,40D12B012600544101E2F06AD8F07B6E66D833CD0D4657B2A9CD284D984CFFC6
64,7,125,5,1504715607,40D12B012600554101FC1181EADF980FBD10F9BBC114678EE514781248EB3859
64,7,125,5,1504715675,40D12B012600564101BB2C1A907F23BDFB6308850433A74AFB30AC8A29C80E50
64,7,125,5,1504715743,40D12B012600574101ED4B1B37DD40CAD6708F9DB90ED9698ABBF19F322860F8
64,7,125,5,1504715811,40D12B0126005841013C0996FCDC783F465E7BE3D8C8D45F8A2D16FDA0545C24
64,7,125,5,1504715880,40D12B012600594101EDB45C267D1B49BEC3585A991FD883978673C5ACF0BEC4
64,7,125,5,1504715948,40D12B0126005A4101A2BC3AEFA91CC8DA9CC6332F3AB15ECD56AD17F214E723
64,7,125,5,1504716016,40D12B0126005B41018EE0DDAB3ED8AFA5A5A0A16770F6EC4D6D8D95BC7FCC0F
64,7,125,5,1504716084,40D12B0126005C41015F31E443915862ABC32DBFBA9A972CD256186A01893DAF
64,7,125,5,1504716152,40D12B0126005D4101AADF39861BFD99AB9FA85C35ABC608B7D1532DF17C2747
64,7,125,5,1504716220,40D12B0126005E410115B059520B38A9CB387DE2CF2CF4681C44610F67AAC754
64,7,125,5,1504716288,40D12B0126005F4101B71BD31B541F8427FC04DC6228FD2AB679A6B45E1CDF82
64,7,125,5,1504716356,40D12B0126006041018779D848E0BCE5262BD509F4A049F0F7EF33759594F8F2
64,7,125,5,1504716424,40D12B0126006141013CD864280C82727A5E2ACF8A4D8101C4DB937F2A13A68B
64,7,125,5,1504716492,40D12B012600624101CDCED9CEAFDBB029D58AF558907C54F85EE34A18BBB208
64,7,125,5,1504716560,40D12B012600634101A033A8F46E5D947FB4BBD7CC91C525DDE494DDC6B032E6
64,7,125,5,1504716628,40D12B0126006441013A7697A73ACBB0AB5169D73D914897943D0C1856B02346
64,7,125,5,1504716696,40D12B012600654101B3D97B29F0041840BEBAA43D6AFB91D02288872268FC5D
64,7,125,5,1504716764,40D12B0126006641018CD68674B0FAEB0003EA4225FF741D8C7056B2CA151106
64,7,125,5,1504716832,40D12B0126006741013F86DDD550A51822FC16E4EF4DEB9B6D4656F60ABA46F6
64,7,125,5,1504716900,40D12B012600684101A83A61F9D48E28FCCB0E557C270DA36BFC556C10299E7C
64,7,125,5,1504716968,40D12B012600694101333DBBF5BCABC150B4F62C89FDA0CDC1A06E50291CCA32
64,7,125,5,1504717036,40D12B0126006A41010FB5B4B8670D394A41906A724FA689A84B9A4A01D7A4FA
64,7,125,5,1504717104,40D12B0126006B41013BDA62D928292137E1CEC0C5EDBCE62390FEBB1D351DA5
64,7,125,5,1504717240,40D12B0126006D4101A97593520A6E18EB27D9473C4F634EC87E394AE3F254AD
64,7,125,5,1504717308,40D12B0126006E4101C3759541B44657A5C5213FB958B866F8B76F7DF8EE22C1
64,7,125,5,1504717444,40D12B012600704101F348DF51A1BA3C1D5BBC0945F61B102B4FF491E5EAFB63
64,7,125,5,1504717512,40D12B012600714101DA5B84104F977FAEA48A250502958345A13F3CF34A0280
64,7,125,5,1504717580,40D12B0126007241013DA4B5C4361A868DECE121E3A24352F363F18E93EFCE7F
64,7,125,5,1504717648,40D12B012600734101499CA5A3A839F180BD7573DBF67914455A0DEE7BC50399
64,7,125,5,1504717717,40D12B012600744101D56B37ADFF9E6DC58A8F13E50E6C315DB1E112A3F4B7ED
64,7,125,5,1504717785,40D12B012600754101F5EAC7A991053B8767151BA02654F3F12DFC8A0F1CA9F4
64,7,125,5,1504717853,40D12B01260076410175716A3147DBFEFF4A9C87E9A51D94D38D68243DECA8CD
64,7,125,5,1504717989,40D12B0126007841016D211ABD2C5D4EED10ED1D9DE3AF810EAD63C007F81B75
64,7,125,5,1504718057,40D12B01260079410172E0011B6EB2B8FDAC1272E84B8E307B9AAE55D7C3C97D
64,7,125,5,1504718125,40D12B0126007A41016357D96F4CEBC936877AB0768D38AD844F0699A179CC81
64,7,125,5,1504718329,40D12B0126007D410127482166E57502CAA8D0CD66A5C9603058203ABA11E951
64,7,125,5,1504718397,40D12B0126007E410152F3125E19FFBED7019591B72B183093A7C5DBE40C6A67
64,7,125,5,1504718465,40D12B0126007F410153223CAF24CF067FF4BAAC41CE85CFB26C41742458CF6F
64,7,125,5,1504718533,40D12B012600804101FBF6FBB6F7C9A34A633DCBFABA66824EDE7B612372CD79
64,7,125,5,1504718601,40D12B012600814101BFCFFA9F5C3D113CFD600667CB3115BF113590025A3E5D
64,7,125,5,1504718669,40D12B012600824101C5EE69E0F423219453F5F562547BE82F172F9967C09440
64,7,125,5,1504718737,40D12B012600834101D7041EDCCB0DF0C3606AF56898FBC7B565F00B58C0FBF3
64,7,125,5,1504718805,40D12B012600844101FF1DC9F914BDED4C10D204E85441664D98E6816701791F
64,7,125,5,1504718941,40D12B012600864101BFB2CD18A3C1299FFC7E1262EAEF4D5C3ACA347E0EF86D
64,7,125,5,1504719009,40D12B012600874101024A4CF1E56642FF70A480C4AEB2903984AA394701F9FE
64,7,125,5,1504719077,40D12B012600884101ADBF65F4D17034A594BFE01CEF02EA6BEA92B97D0C9FFB
64,7,125,5,1504719145,40D12B0126008941011B0EC39F5815761DA654CCE5A4C3CA6BA06FFF1913DB9E
64,7,125,5,1504719213,40D12B0126008A41013313085C07C2696B3DC0A64ADA27EC95AF9FC1929E177E
64,7,125,5,1504719349,40D12B0126008C410102F04BC5B87A3A585A718491DC8358B963BC44B4F668F3
64,7,125,5,1504719417,40D12B0126008D4101AD697A48031DBE8F710BDDF4EB2E8AC8C006170A0E6102
64,7,125,5,1504719485,40D12B0126008E410176D7A8FAB1F513790DDB0D2E182F4177BCFE4D59004B7B
64,7,125,5,1504719553,40D12B0126008F4101BD1E1A6D48DD17E9FBD71BD2C05C1DB5C1687C19472379
64,7,125,5,1504719622,40D12B01260090410154F8AF034E3A55B2806A6D588F062D17B5B9F60262E4CC
64,7,125,5,1504719690,40D12B01260091410198701894E360583DD16D5C7934B14CE1D2A73491CA16FD
64,7,125,5,1504719826,40D12B0126009341010DB6EBB69CB13BF28A1E7ECEB376D2DEA1D266DD0FA913
64,7,125,5,1504719962,40D12B012600954101A4F111F47959BCF82CDEF56AA36B691467954B00EFA58F
64,7,125,5,1504720030,40D12B01260096410173336114CBC116C706BA48E8D7F26C9BE3DF43D6EC53DB
64,7,125,5,1504720098,40D12B012600974101B36187D5C5BEDE7B3087F05562C92363F0F899B1C24FEB
64,7,125,5,1504720166,40D12B0126009841019083AF5BBAAC851295666E8ECDBB0DCA13CDB596ACD5DC
64,7,125,5,1504720302,40D12B0126009A4101F207D6C5988ED4C7515E028E1B1E147961153138AE88ED
64,7,125,5,1504720370,40D12B0126009B4101530CE2D647A83A953A58EEF8C62821EABC1E579B5E84F0
64,7,125,5,1504720438,40D12B0126009C4101B430151ACCBF84D03B7C75C55F9EF36CDBCC255EA7B4C3
64,7,125,5,1504720506,40D12B0126009D41013802761A22D87E9F42359C9D29D62C9FC45271E5CCB3AE
64,7,125,5,1504720574,40D12B0126009E410130FA2B379105C5368A3A3BF4B76D936DA86A57F6A9185C
64,7,125,5,1504720642,40D12B0126009F4101D350C1F82E4E7D184621010E02211DF81234705A82FF62
64,7,125,5,1504720710,40D12B012600A04101269941CADA1161C733CE913A9D64767A6AE6DFCBDCA311
64,7,125,5,1504720846,40D12B012600A2410176A6A2D13AB139A900C5AE99921844D3EE79E2F6A24E2C
64,7,125,5,1504720914,40D12B012600A3410157FAE38B88AEEFB40BD801BADC27098B27B92F778C44CE
64,7,125,5,1504720982,40D12B012600A4410113145A22EFA24E417E67FC85F7712EB5D387DC8DBC7B89
64,7,125,5,1504721050,40D12B012600A54101EED702ECE71BADDCC3548FCAE70675545C984AF0E08729
64,7,125,5,1504721118,40D12B012600A64101E31307F4EE3DF49D7FC089DCC2115FA7F4BFC440DA2BC2
64,7,125,5,1504721186,40D12B012600A74101E12709498E0D7205D841834EDA4E9FF4DDDD85F90A016D
64,7,125,5,1504721254,40D12B012600A84101AC55C2FDB98818302CC55D05FC292B162851C98713880D
64,7,125,5,1504721322,40D12B012600A94101428861EB2531854033977D0D2B202C74189E3EC65D32E1
64,7,125,5,1504721459,40D12B012600AB41010EEC7E29D93F70253D6C0329CFDEE06FC139AFE70A3B2A
64,7,125,5,1504721527,40D12B012600AC41013CC3C5761B7F3E407FAFEA25E81ED6067B79A20EEE47F2
64,7,125,5,1504721595,40D12B012600AD410151C11380A7759D2F7E17A87B1DC17DDAEB9BAE21E91C9A
64,7,125,5,1504721663,40D12B012600AE410102EF6D452BE5874F38E7A7C364610D844EB65BB9AD5577
64,7,125,5,1504721799,40D12B012600B041011AFFEAEEC1B96F9B95F3CDDEE1E168EC51FAC321289436
64,7,125,5,1504721867,40D12B012600B141019674002169B124BEF61E8F5F9C87ECCFDA49FB1F9529F8
64,7,125,5,1504721935,40D12B012600B24101B3DB6E69C91B584AB4DC909374B641C5BFEB27ECCB615F
64,7,125,5,1504722003,40D12B012600B3410146B13765CE1B7EB86530752D2822695F4FAB7AEA1818D5
64,7,125,5,1504722139,40D12B012600B54101EF62ACC204143ACE9FB3EADBD25B350E65B41048F44EEE
64,7,125,5,1504722207,40D12B012600B64101DCC68363ADCFD819C991F858F3EE96BF9EE0CB430B2966
64,7,125,5,1504722275,40D12B012600B7410147F92AF81628C944BA9214E760CC33E43BBB3348C30BE3
64,7,125,5,1504722343,40D12B012600B84101350873C0ACA48D694E26A2F4DB38FC081BDB3171D442DC
64,7,125,5,1504722411,40D12B012600B941019211CC2E2BB72145AFB855CBB7EBF9CF5CCDC6C31350AB
64,7,125,5,1504722479,40D12B012600BA4101BEA23FF6DD9C695680F79E4DD255F7680956C24717E2A9
64,7,125,5,1504722547,40D12B012600BB4101398237207640057FE1DE1611B1F5A1C189B3C995631696
64,7,125,5,1504722615,40D12B012600BC4101E167CDB33331BF785824F3EC37D622F8EA9251F03229C0
64,7,125,5,1504722683,40D12B012600BD4101CB13C081A83564BCD2278D8E2BDE11DD41C5551C624B92
64,7,125,5,1504722751,40D12B012600BE4101DEBB0AC973C7D022C2070DDF979B8B6D27AD48E7F35E66
64,7,125,5,1504722819,40D12B012600BF4101DD1FFA7BF64D0381B78B7F64EBA7CE5B9A0156DC42ED87
64,7,125,5,1504722887,40D12B012600C04101AE9C5F48D40A5EB2922E1E40F2D8474C3F16194E8AA5AE
64,7,125,5,1504722955,40D12B012600C14101C1646B7C11119783192FEF242158DADEB85C880846DD35
64,7,125,5,1504723023,40D12B012600C241019A7D8572011CC7F24C4B6A6432AF4187B3630369151362
64,7,125,5,1504723091,40D12B012600C34101B059898143A49B369F8461FBE53D74B7970B54516607CB
64,7,125,5,1504723159,40D12B012600C44101C00341C4BBACA99C129301A9422D2DB471CB1FBBB05783
64,7,125,5,1504723227,40D12B012600C54101EABD01086FD6884DF9CB70431B5FAD91A41195EF08E45D
64,7,125,5,1504723296,40D12B012600C64101D3D419E71324E42505C093F437C071AC602104AA9D1D50
64,7,125,5,1504723364,40D12B012600C741010BA517C683B7DE28AA3628F9E89339D08918EDE20446E0
64,7,125,5,1504723432,40D12B012600C84101F66095888CD4FD79C60B1FD2794CF7F7CBE036C31A9881
64,7,125,5,1504723568,40D12B012600CA410132AD5B7F78BC84AF73E0E6F4034ED37F8AE78139003B5C
64,7,125,5,1504723636,40D12B012600CB410151E27A514F617A916CFE9281A688D0EA7A17242421E6FA
64,7,125,5,1504723704,40D12B012600CC4101008332C76BDAD741E333EF31D15F5BC9B09D70AD047869
64,7,125,5,1504723772,40D12B012600CD410179E6325D64952BDF878D863E0B1DC3C8DA849EE9020154
64,7,125,5,1504723840,40D12B012600CE41017B097EE9CEAC5899D4D539D817431237EC492A90EA021C
64,7,125,5,1504723976,40D12B012600D041014811922669B4C760A101CCF589705CBD781A2074C5D9C5
64,7,125,5,1504724044,40D12B012600D14101CC84F75AA440A4762FC078E7555FDC492EBD9B57209E29
64,7,125,5,1504724112,40D12B012600D2410185E38A37D16962F4EB9ACC169F5BA746CE3E753D97500E
64,7,125,5,1504724248,40D12B012600D44101C01B303E85E18E1FC26476B37D9822EA85F69662846717
64,7,125,5,1504724316,40D12B012600D54101C6B8577DEFDE9BC055AB3D7FDB45856A05AA6A5B1D7596
64,7,125,5,1504724384,40D12B012600D64101D14C72C0D43DE6198ED124630184F09D9F1B04A8386360
64,7,125,5,1504724452,40D12B012600D7410192F38BE57523CA2B6332B2400D3E247541879DFA349E47
64,7,125,5,1504724520,40D12B012600D84101C09F23E752BCCF1AF9AF81FEA295434104CB478A06D86D
64,7,125,5,1504724588,40D12B012600D941011F45569DD87C21DC54DADC697B93A33A8D49B9EB14FE20
64,7,125,5,1504724656,40D12B012600DA41016388AF45325352BDD05F68805C808DE2A8C12F63F7FE29
64,7,125,5,1504724724,40D12B012600DB4101C0A1244C9A87842FFBFBC676D303168AA2B062B35CE6E5
64,7,125,5,1504724860,40D12B012600DD41010AF884FAA97DFA2D9B5F581D44D6A8DBD98A9A1D29F2B5
64,7,125,5,1504724928,40D12B012600DE4101CE7B2348190DA59A3DF00D9EC8348790D425217F7A0790
64,7,125,5,1504725133,40D12B012600E141013F2C91119DDBA7A50BD89E7B0DE8950B8E83F159E3DB39
64,7,125,5,1504725201,40D12B012600E241010151976C0F46D063E87A430F6782F82B92079FA6AF9129
64,7,125,5,1504725269,40D12B012600E3410170CD6CCF1B6718179B8C3841879449ADB6D2D0395F0678
64,7,125,5,1504725337,40D12B012600E4410117177323CA108AF11B5BAA166669691C1BC41A7EEE84FF
64,7,125,5,1504725405,40D12B012600E54101C1D38FB0C13C75904449929B05E163B013C65DD0DB78C2
64,7,125,5,1504725473,40D12B012600E64101E8E658045858B8A4D149E12E24A9C6965697DAF3473BC3
64,7,125,5,1504725609,40D12B012600E841018661424976B77BC714C80CDC4EDF43A06F6D4BFE355E51
64,7,125,5,1504725677,40D12B012600E9410103C08B4B4509CC5C0C0CDF24A65E0B8CE0C4493BAC8AE9
64,7,125,5,1504725745,40D12B012600EA410182DF5C9E76FCE00F029BDC77C76E3649909DBCF5B17C6A
64,7,125,5,1504725881,40D12B012600EC4101CF43E002754940C9484BF18445F230D74209AD3B8777CD
64,7,125,5,1504725949,40D12B012600ED4101DB6344B21A11168F200CD96FC8D1BFC2AC7F796ACEAD35
64,7,125,5,1504726017,40D12B012600EE41019C86E09BBBCE2D57F769CDC6FBBB01A975947DFDFD5E69
64,7,125,5,1504726221,40D12B012600F14101595197CDCB4EC105B788ADDE564D28C53BA91B031EBC13
64,7,125,5,1504726289,40D12B012600F241014121223FB6EF45D005B4C6F5C1BF8871224E817477CA0D
64,7,125,5,1504726357,40D12B012600F341013EF9345149CA01E3E82338C4C80F8D2D49687D2555F66D
64,7,125,5,1504726425,40D12B012600F44101ECE601245063651453645A9B53C1E18191ADE603DFF3B4
64,7,125,5,1504726493,40D12B012600F54101B3152A6975BD8DB31B70C50BF3ECBDCE526973AA6E8181
64,7,125,5,1504726561,40D12B012600F64101BBADBE5CF8374A4D16CFE7CDDB9509172C9FE1F808CC5C
64,7,125,5,1504726629,40D12B012600F74101C1B045B630E19B956C177A94D70C4DC14B85BA25F48F29
64,7,125,5,1504726697,40D12B012600F841010B6D778E814EAB1037281EE595CEF6A9DFFC7AA2DFB744
64,7,125,5,1504726765,40D12B012600F94101A5A16FA09C6251E5ABF49602726DE67BD9D67750DFCBDA
64,7,125,5,1504726833,40D12B012600FA41019AA68062613AF03997228AD8F44BB29F5D9BE78FB9558F
64,7,125,5,1504726902,40D12B012600FB410170F99AD635D99ADBA4B9AF2BA1E03E01EF85E153B782D1
64,7,125,5,1504727038,40D12B012600FD41016833BFE31C7B73BF0DC8B5C48EC71CA64401F80A1A9B24
64,7,125,5,1504727106,40D12B012600FE4101F11EA95354F7D83C9C82E748379AE0DBD886D5124EE48B
64,7,125,5,1504727174,40D12B012600FF41011DAC4063C46D68D3613025AE539F9851222E9ED7A93749
64,7,125,5,1504727242,40D12B012600004201D7A55BFE30C45D7D090E7A157E8D2A08F2AF8396968D7D
64,7,125,5,1504727310,40D12B012600014201BF2CC64838224E312A28700A9883E602D0B11D996B10CD
64,7,125,5,1504727378,40D12B01260002420171F52E37ABA0F197BC95EAF8749611CD063A730879FF57
64,7,125,5,1504727446,40D12B0126000342012C28967A02A1E1AF2F699AA7859D9A662F1ADCF2343823
64,7,125,5,1504727514,40D12B012600044201DEB751AC29C1212F45C45CC1CF8F8316FBB67C4A2651EA
64,7,125,5,1504727718,40D12B012600074201E69764633448E9F0CE385C5CD5A3DA9C974942FB565192
64,7,125,5,1504727786,40D12B012600084201389A5B565646A8F9F98EE5ECA94DF3556A3C9D994F8B40
64,7,125,5,1504727854,40D12B0126000942011BC093496B8D187DEDC5F5CAAE8C97507416FAF2248A87
64,7,125,5,1504727922,40D12B0126000A4201214C86F45BAD4ADA3A286EF7B964361A082EB7CAC240D5
64,7,125,5,1504727990,40D12B0126000B4201E176C779E98FF2BC5A16BDC7585E9AED86412A2CA77081
64,7,125,5,1504728058,40D12B0126000C42010472B5DAD6242B4E5880041A1E78CE8DD368E6934F5FC1
64,7,125,5,1504728126,40D12B0126000D4201B4BC7DD0E75E24EE91ED76AE14CAE691B7750D3924D7D1
64,7,125,5,1504728194,40D12B0126000E420103256D5A0DC86B8F224750B66EF27CDEEA287312D5D4EC
64,7,125,5,1504728262,40D12B0126000F420177277F4B6312DAEE709439225CAFE60C08310946F0778E
64,7,125,5,1504728398,40D12B012600114201471E5427AE11920484F77ADDA8AFD92BD0B1E918EAC7D3
64,7,125,5,1504728534,40D12B012600134201A3E1A0F37E81BC564ED1D448C8B63A74F0FB40DF051621
64,7,125,5,1504728602,40D12B012600144201FE4B60996D3ABC641CFE8E83B8DC5CC96220FD6761799C
64,7,125,5,1504728671,40D12B012600154201CCCA861D39366E87B50F83DB623109D810FA1D553906E4
64,7,125,5,1504728875,40D12B0126001842010B5A589E7E8D9A3BD74CACE6BB7DDFE6EE782BE0E251EB
64,7,125,5,1504728943,40D12B01260019420171FA35C0503AF7A01D951A257628248D207C91FEB36E43
64,7,125,5,1504729079,40D12B0126001B420176DD1B94FBA0A210866F2C212BCC50916D9722D7C1EFA5
64,7,125,5,1504729147,40D12B0126001C4201B3DE653680EC3C260147C96C0806146CAB55B92CC9E8F4
64,7,125,5,1504729215,40D12B0126001D420197CE67310BC5E68C1E0FCE206EF07AE5AEF1F3504EB753
64,7,125,5,1504729283,40D12B0126001E4201B4766CFD56BB404F0E62440AC87E0CE80B07577BA6753F
64,7,125,5,1504729351,40D12B0126001F42015913253727AD5992ED4C4507438E1B650121AA101AB720
64,7,125,5,1504729419,40D12B012600204201239329B9B53F27F7EF351DBA3725377A2FF73180057AC4
64,7,125,5,1504729487,40D12B01260021420181FC2B15762F214553AB5821134842D9411BA22AD5F1A8
64,7,125,5,1504729555,40D12B012600224201EA3C677D46C41AA2F4D2AD5A1B413E9988791319F2092E
